<?xml version="1.0" encoding="UTF-8"?><record xmlns="http://www.loc.gov/MARC21/slim" xmlns:cinclude="http://apache.org/cocoon/include/1.0" xmlns:zs="http://www.loc.gov/zing/srw/">
  <leader>00422nz  a2200145n  4500</leader>
  <controlfield tag="001">no2012016405</controlfield>
  <controlfield tag="003">DLC</controlfield>
  <controlfield tag="005">20120204075601.0</controlfield>
  <controlfield tag="008">120202n| acannaabn          |a aaa     c</controlfield>
  <datafield tag="010" ind1=" " ind2=" ">
    <subfield code="a">no2012016405</subfield>
  </datafield>
  <datafield tag="035" ind1=" " ind2=" ">
    <subfield code="a">(OCoLC)oca09105061</subfield>
  </datafield>
  <datafield tag="040" ind1=" " ind2=" ">
    <subfield code="a">IEN</subfield>
    <subfield code="b">eng</subfield>
    <subfield code="c">IEN</subfield>
  </datafield>
  <datafield tag="100" ind1="1" ind2=" ">
    <subfield code="a">Ca휍혖rdenas Angulo, Teresa,</subfield>
    <subfield code="d">1970-</subfield>
    <subfield code="t">Perro viejo.</subfield>
    <subfield code="l">Portuguese</subfield>
  </datafield>
  <datafield tag="400" ind1="1" ind2=" ">
    <subfield code="a">Ca휍혖rdenas Angulo, Teresa,</subfield>
    <subfield code="d">1970-</subfield>
    <subfield code="t">Cachorro velho</subfield>
  </datafield>
  <datafield tag="670" ind1=" " ind2=" ">
    <subfield code="a">Cachorro velho, 2010</subfield>
  </datafield>
</record>